@inproceedings{SearchProc,
  series = {ICFP’16},
  title = {Dynamic witnesses for static type errors (or,  ill-typed programs usually go wrong)},
  url = {http://dx.doi.org/10.1145/2951913.2951915},
  DOI = {10.1145/2951913.2951915},
  booktitle = {Proceedings of the 21st ACM SIGPLAN International Conference on Functional Programming},
  publisher = {ACM},
  author = {Seidel,  Eric L. and Jhala,  Ranjit and Weimer,  Westley},
  year = {2016},
  month = sep,
  pages = {228–242},
  collection = {ICFP’16}
}@online{Hazel,
title = {Hazel Project Website},
url = {https://hazel.org/},
OPTurldate = {2022-10-11},
}
@online{HazelCode,
title = {Hazel Source Code},
url = {https://github.com/hazelgrove/hazel},
OPTurldate = {2022-10-11},
}
@inbook{Blame,
  title = {Well-Typed Programs Can’t Be Blamed},
  ISBN = {9783642005909},
  ISSN = {1611-3349},
  url = {http://dx.doi.org/10.1007/978-3-642-00590-9_1},
  DOI = {10.1007/978-3-642-00590-9_1},
  booktitle = {Programming Languages and Systems},
  publisher = {Springer Berlin Heidelberg},
  author = {Wadler,  Philip and Findler,  Robert Bruce},
  year = {2009},
  pages = {1–16}
}

@article{ErrSlice,
  title = {A slicing-based approach for locating type errors},
  volume = {10},
  ISSN = {1557-7392},
  url = {http://dx.doi.org/10.1145/366378.366379},
  DOI = {10.1145/366378.366379},
  number = {1},
  journal = {ACM Transactions on Software Engineering and Methodology},
  publisher = {Association for Computing Machinery (ACM)},
  author = {Tip,  F. and Dinesh,  T. B.},
  year = {2001},
  month = jan,
  pages = {5–55}
}
@article{DynProgSlice,
  title = {Dynamic program slicing},
  volume = {29},
  ISSN = {0020-0190},
  url = {http://dx.doi.org/10.1016/0020-0190(88)90054-3},
  DOI = {10.1016/0020-0190(88)90054-3},
  number = {3},
  journal = {Information Processing Letters},
  publisher = {Elsevier BV},
  author = {Korel,  Bogdan and Laski,  Janusz},
  year = {1988},
  month = oct,
  pages = {155–163}
}

@article{HazelLivePaper,
  title = {Live functional programming with typed holes},
  volume = {3},
  ISSN = {2475-1421},
  url = {http://dx.doi.org/10.1145/3290327},
  DOI = {10.1145/3290327},
  number = {POPL},
  journal = {Proceedings of the ACM on Programming Languages},
  publisher = {Association for Computing Machinery (ACM)},
  author = {Omar,  Cyrus and Voysey,  Ian and Chugh,  Ravi and Hammer,  Matthew A.},
  year = {2019},
  month = jan,
  pages = {1–32}
}



